<record><leader>00000cas a2200000 a 4500</leader><controlfield tag="001">12101930</controlfield><controlfield tag="008">850531d18781883ksuwr ne      0    0eng d</controlfield><datafield ind1=" " ind2=" " tag="010"><subfield code="a">sn 85029259 </subfield></datafield><datafield ind1=" " ind2=" " tag="040"><subfield code="a">KSH</subfield><subfield code="b">eng</subfield><subfield code="c">KSH</subfield><subfield code="d">NPT</subfield><subfield code="d">OCL</subfield><subfield code="d">OCLCQ</subfield></datafield><datafield ind1=" " ind2=" " tag="042"><subfield code="a">msc</subfield></datafield><datafield ind1="0" ind2="4" tag="245"><subfield code="a">The Workingman's friend.</subfield></datafield><datafield ind1=" " ind2=" " tag="260"><subfield code="a">Leavenworth, Kan. :</subfield><subfield code="b">James W. Remington</subfield></datafield><datafield ind1=" " ind2=" " tag="300"><subfield code="a">v. ;</subfield><subfield code="c">55 cm.</subfield></datafield><datafield ind1=" " ind2=" " tag="310"><subfield code="a">Weekly</subfield></datafield><datafield ind1="1" ind2=" " tag="362"><subfield code="a">Began in 1878; ceased in 1883.</subfield></datafield><datafield ind1=" " ind2=" " tag="521"><subfield code="a">"Devoted solely and entirely to the interests of the workingmen."</subfield></datafield><datafield ind1=" " ind2=" " tag="588"><subfield code="a">Description based on: Vol. 1, no. 3 (Nov. 30, 1878).</subfield></datafield><datafield ind1=" " ind2=" " tag="752"><subfield code="a">United States</subfield><subfield code="b">Kansas</subfield><subfield code="c">Leavenworth</subfield><subfield code="d">Leavenworth.</subfield></datafield><datafield ind1="0" ind2="5" tag="780"><subfield code="t">National tribune (Leavenworth, Kan.)</subfield><subfield code="g">Mar. 1, 1881</subfield><subfield code="w">(DLC)sn 85029248</subfield></datafield><datafield ind1="0" ind2="0" tag="785"><subfield code="t">Leavenworth weekly chronicle</subfield><subfield code="w">(DLC)sn 85029258</subfield></datafield></record>